@Techreport{python, title= {Python tutorial}, author = {G. van Rossum}, number={CS-R9526}, institution= {Centrum voor Wiskunde en Informatica (CWI)}, year= {1995}, address={Amsterdam}, month={May} }

@Misc{scipy,
  author =    {Eric Jones and Travis Oliphant and Pearu Peterson and others},
  title =     {{SciPy}: Open source scientific tools for {Python}},
  year =      {2001--},
  url = "http://www.scipy.org/",
  note = {[Online; accessed <today>]}
}

@MANUAL{numpy, 
   author       = {Ascher, David and Paul F. Dubois and Konrad Hinsen and James Hugunin and Travis Oliphant}, 
   year         = 1999, 
   title        = {Numerical Python}, 
   edition      = {UCRL-MA-128569}, 
   address      = {Livermore, CA}, 
   organization = {Lawrence Livermore National Laboratory}, 
   keywords = {numpy} 
}

@article{scikit-learn,
 title={Scikit-learn: Machine Learning in {P}ython},
 author={Pedregosa, F. and Varoquaux, G. and Gramfort, A. and Michel, V.
         and Thirion, B. and Grisel, O. and Blondel, M. and Prettenhofer, P.
         and Weiss, R. and Dubourg, V. and Vanderplas, J. and Passos, A. and
         Cournapeau, D. and Brucher, M. and Perrot, M. and Duchesnay, E.},
 journal={Journal of Machine Learning Research},
 volume={12},
 pages={2825--2830},
 year={2011}
}

@misc{keras,
  title={Keras},
  author={Chollet, Fran\c{c}ois and others},
  year={2015},
  publisher={GitHub},
  howpublished={\url{https://github.com/fchollet/keras}},
}

@article{scikit-image, 
 title = {scikit-image: image processing in {P}ython}, 
 author = {van der Walt, {S}téfan and {S}chönberger, {J}ohannes {L}. and 
           {N}unez-{I}glesias, {J}uan and {B}oulogne, {F}rançois and {W}arner, 
           {J}oshua {D}. and {Y}ager, {N}eil and {G}ouillart, {E}mmanuelle and 
           {Y}u, {T}ony and the scikit-image contributors}, 
 year = {2014}, 
 month = {6}, 
 keywords = {Image processing, Reproducible research, Education, 
             Visualization, Open source, Python, Scientific programming}, 
 volume = {2}, 
 pages = {e453}, 
 journal = {PeerJ}, 
 issn = {2167-8359}, 
 url = {http://dx.doi.org/10.7717/peerj.453}, 
 doi = {10.7717/peerj.453} 
} 


@ONLINE{hdf5,
    author = {{The HDF Group}},
    title = "{Hierarchical data format version 5}",
    year = {2000-2010},
    url = {http://www.hdfgroup.org/HDF5}
}
@ONLINE{bioformats,
    author = {{Lee Kamentsky}},
    title = "{Bioformats plugin for Python}",
    year = {2017},
    url = {https://pypi.python.org/pypi/python-bioformats}
}
