% PUT REFERENCES HERE FOR THE BIBLIOGRAPHY!

% Sample, reference to latex
@book{Lamport:1989:LDP:63364,
 author = {Lamport, Leslie},
 title = {Latex: A Document Preparation System},
 year = {1986},
 isbn = {0-201-15790-X},
 publisher = {Addison-Wesley Longman Publishing Co., Inc.},
 address = {Boston, MA, USA},
} 

% Another sample reference
@article{dewey2010need,
  title={The need for a philosophy of education (1934)},
  author={Dewey, John},
  journal={Schools},
  volume={7},
  number={2},
  pages={244--245},
  year={2010},
  publisher={The University of Chicago Press}
}